<collection xmlns="http://www.loc.gov/MARC21/slim">
<record>
  <leader>01048nam0a2200217 i 450 </leader>
  <controlfield tag="001">IT\ICCU\CNCE\072473</controlfield>
  <controlfield tag="005">20080214000000.0</controlfield>
  <datafield tag="012" ind1=" " ind2=" ">
    <subfield code="a">hel- enan u-a. a-to (C) 1587 (Q)</subfield>
    <subfield code="2">fei</subfield>
  </datafield>
  <datafield tag="100" ind1=" " ind2=" ">
    <subfield code="a">20080214f1587        0itac0103    ba</subfield>
  </datafield>
  <datafield tag="101" ind1=" " ind2=" ">
    <subfield code="a">ITA</subfield>
  </datafield>
  <datafield tag="102" ind1=" " ind2=" ">
    <subfield code="a">IT</subfield>
  </datafield>
  <datafield tag="200" ind1="1" ind2=" ">
    <subfield code="a">Lettera d&apos;auiso, mandata da Pariggi al sereniss. Carlo Emanuel duca di Sauoia, doue si tratta di tre felicissime vittorie, che hanno hauuto i catolici nouamente contra gli hugonoti, l&apos;vltimo d&apos;agosto 1587. Con vn altro auiso delle nozze del sereniss. duca di Nemourus, et d&apos;altri particolari</subfield>
  </datafield>
  <datafield tag="210" ind1=" " ind2=" ">
    <subfield code="a">Stampata in Turino</subfield>
    <subfield code="d">et ristampata in Bologna</subfield>
    <subfield code="c">per Fausto Bonardo</subfield>
    <subfield code="d">\1587?!</subfield>
  </datafield>
  <datafield tag="215" ind1=" " ind2=" ">
    <subfield code="a">\4! c.</subfield>
    <subfield code="d">8ʻ</subfield>
  </datafield>
  <datafield tag="300" ind1=" " ind2=" ">
    <subfield code="a">La data si ricava dal titolo e dall&apos;explicit</subfield>
  </datafield>
  <datafield tag="620" ind1=" " ind2=" ">
    <subfield code="a">IT</subfield>
    <subfield code="d">Bologna</subfield>
  </datafield>
  <datafield tag="712" ind1="0" ind2="0">
    <subfield code="a">Bonardo, Fausto</subfield>
    <subfield code="3">IT\ICCU\CNCT\000359</subfield>
    <subfield code="4">650</subfield>
  </datafield>
  <datafield tag="791" ind1="0" ind2="0">
    <subfield code="a">Bonardus, Faustus</subfield>
    <subfield code="3">IT\ICCU\CNCT\004425</subfield>
    <subfield code="z">Bonardo, Fausto</subfield>
  </datafield>
  <datafield tag="791" ind1="0" ind2="0">
    <subfield code="a">Bonardi, Fausto</subfield>
    <subfield code="3">IT\ICCU\CNCT\004432</subfield>
    <subfield code="z">Bonardo, Fausto</subfield>
  </datafield>
  <datafield tag="801" ind1=" " ind2="3">
    <subfield code="a">IT</subfield>
    <subfield code="b">ICCU</subfield>
    <subfield code="c">20201115</subfield>
  </datafield>
  <datafield tag="899" ind1=" " ind2=" ">
    <subfield code="a">Biblioteca universitaria. Bologna</subfield>
    <subfield code="1">BO0098</subfield>
    <subfield code="2">UBO BU</subfield>
  </datafield>
</record>
</collection>
